<record><leader>00000cas a22000007a 4500</leader><controlfield tag="001">9599849</controlfield><controlfield tag="008">830613d19151932ksucr ne      0    0eng d</controlfield><datafield ind1=" " ind2=" " tag="010"><subfield code="a">sn 83040255 </subfield></datafield><datafield ind1=" " ind2=" " tag="040"><subfield code="a">KSH</subfield><subfield code="b">eng</subfield><subfield code="c">KSH</subfield><subfield code="d">NPT</subfield><subfield code="d">OCLCQ</subfield></datafield><datafield ind1=" " ind2=" " tag="042"><subfield code="a">msc</subfield></datafield><datafield ind1=" " ind2=" " tag="043"><subfield code="a">n-us-ks</subfield></datafield><datafield ind1="0" ind2="4" tag="245"><subfield code="a">The Kiowa record.</subfield></datafield><datafield ind1=" " ind2=" " tag="260"><subfield code="a">Kiowa, Kan. :</subfield><subfield code="b">[s.n.],</subfield><subfield code="c">-1932.</subfield></datafield><datafield ind1=" " ind2=" " tag="300"><subfield code="a">v. :</subfield><subfield code="b">ill. (chiefly advertisements) ;</subfield><subfield code="c">54 cm.</subfield></datafield><datafield ind1=" " ind2=" " tag="310"><subfield code="a">Semiweekly</subfield></datafield><datafield ind1="0" ind2=" " tag="362"><subfield code="a">-v. 16, no. 91 (Sept. 12, 1932).</subfield></datafield><datafield ind1="1" ind2=" " tag="362"><subfield code="a">Began with Oct. 21, 1915 issue.</subfield></datafield><datafield ind1=" " ind2=" " tag="500"><subfield code="a">Editor: Frank A. Lambert.</subfield></datafield><datafield ind1=" " ind2=" " tag="588"><subfield code="a">Description based on: Vol. 16, no. 20 (Jan. 4, 1932).</subfield></datafield><datafield ind1="1" ind2=" " tag="700"><subfield code="a">Lambert, Frank A.</subfield></datafield><datafield ind1=" " ind2=" " tag="752"><subfield code="a">United States</subfield><subfield code="b">Kansas</subfield><subfield code="c">Barber</subfield><subfield code="d">Kiowa.</subfield></datafield><datafield ind1="1" ind2="7" tag="785"><subfield code="t">Kiowa news and review</subfield><subfield code="w">(DLC)sn 83040246</subfield></datafield><datafield ind1="1" ind2="7" tag="785"><subfield code="t">Kiowa news-review and the Kiowa record</subfield><subfield code="w">(DLC)sn 83040261</subfield></datafield></record>